@article{Khachatryan:2011zj,
      author         = "Khachatryan, Vardan and others",
      title          = "{Dijet Azimuthal Decorrelations in $pp$ Collisions at
                        $\sqrt{s} = 7$~TeV}",
      collaboration  = "CMS",
      journal        = "Phys. Rev. Lett.",
      volume         = "106",
      year           = "2011",
      pages          = "122003",
      doi            = "10.1103/PhysRevLett.106.122003",
      eprint         = "1101.5029",
      archivePrefix  = "arXiv",
      primaryClass   = "hep-ex",
      reportNumber   = "CERN-PH-EP-2010-086, CMS-QCD-10-026",
      SLACcitation   = "%%CITATION = ARXIV:1101.5029;%%"
}

@article{Khachatryan:2016hkr,
      author         = "Khachatryan, Vardan and others",
      title          = "{Measurement of dijet azimuthal decorrelation in pp
                        collisions at $\sqrt{s}$ = 8 TeV}",
      collaboration  = "CMS",
      journal        = "Submitted to: Eur. Phys. J. C",
      year           = "2016",
      eprint         = "1602.04384",
      archivePrefix  = "arXiv",
      primaryClass   = "hep-ex",
      reportNumber   = "CMS-SMP-14-015, CERN-PH-EP-2016-013, CERN-EP-2016-013,
                        FERMILAB-PUB-16-058-CMS",
      SLACcitation   = "%%CITATION = ARXIV:1602.04384;%%"
}

@article{Lonnblad:2012hz,
      author         = "L{\"o}nnblad, Leif",
      title          = "{Fooling Around with the Sudakov Veto Algorithm}",
      journal        = "Eur. Phys. J.",
      volume         = "C73",
      year           = "2013",
      number         = "3",
      pages          = "2350",
      doi            = "10.1140/epjc/s10052-013-2350-9",
      eprint         = "1211.7204",
      archivePrefix  = "arXiv",
      primaryClass   = "hep-ph",
      reportNumber   = "MCNET-12-16, LU-TP-12-44",
      SLACcitation   = "%%CITATION = ARXIV:1211.7204;%%"
}

@article{Hoeche:2009xc,
      author         = "Hoeche, Stefan and Schumann, Steffen and Siegert, Frank",
      title          = "{Hard photon production and matrix-element parton-shower
                        merging}",
      journal        = "Phys. Rev.",
      volume         = "D81",
      year           = "2010",
      pages          = "034026",
      doi            = "10.1103/PhysRevD.81.034026",
      eprint         = "0912.3501",
      archivePrefix  = "arXiv",
      primaryClass   = "hep-ph",
      reportNumber   = "ZU-TH-19-09, IPPP-09-94, DCPT-09-188, HD-THEP-09-28,
                        MCNET-09-18",
      SLACcitation   = "%%CITATION = ARXIV:0912.3501;%%"
}
